<record><leader>00000cas a2200000 a 4500</leader><controlfield tag="001">27366707</controlfield><controlfield tag="008">930203d18881908nyuwr ne      0    0eng c</controlfield><datafield ind1=" " ind2=" " tag="010"><subfield code="a">sn 93063558 </subfield></datafield><datafield ind1=" " ind2=" " tag="040"><subfield code="a">NYS</subfield><subfield code="b">eng</subfield><subfield code="c">NYS</subfield><subfield code="d">OCLCQ</subfield><subfield code="d">OCLCF</subfield><subfield code="d">OCLCO</subfield></datafield><datafield ind1="1" ind2=" " tag="029"><subfield code="a">AU@</subfield><subfield code="b">000020720641</subfield></datafield><datafield ind1=" " ind2=" " tag="042"><subfield code="a">pcc</subfield></datafield><datafield ind1=" " ind2=" " tag="043"><subfield code="a">n-us-ny</subfield></datafield><datafield ind1="0" ind2=" " tag="130"><subfield code="a">Essex County Republican (Port Henry, N.Y.)</subfield></datafield><datafield ind1="1" ind2="4" tag="245"><subfield code="a">The Essex County Republican.</subfield></datafield><datafield ind1=" " ind2=" " tag="250"><subfield code="a">Port Henry ed.</subfield></datafield><datafield ind1=" " ind2=" " tag="260"><subfield code="a">Port Henry, N.Y. :</subfield><subfield code="b">W. Lansing &amp; Son.</subfield></datafield><datafield ind1=" " ind2=" " tag="300"><subfield code="a">v.</subfield></datafield><datafield ind1=" " ind2=" " tag="310"><subfield code="a">Weekly</subfield></datafield><datafield ind1="1" ind2=" " tag="362"><subfield code="a">Began in Aug. 1888; ceased in 1908?</subfield></datafield><datafield ind1=" " ind2=" " tag="500"><subfield code="a">Called "Port Henry ed.", &lt;1903-1907&gt;.</subfield></datafield><datafield ind1=" " ind2=" " tag="580"><subfield code="a">Keeseville ed.: Essex County Republican (Keeseville, N.Y.).</subfield></datafield><datafield ind1=" " ind2=" " tag="588"><subfield code="a">Description based on: Vol. 48, no. 48 (Aug. 9, 1888).</subfield></datafield><datafield ind1=" " ind2=" " tag="588"><subfield code="a">Latest issue consulted: Vol. 69, no. 15 (Dec. 6, 1907).</subfield></datafield><datafield ind1=" " ind2="0" tag="651"><subfield code="a">Port Henry (N.Y.)</subfield><subfield code="v">Newspapers.</subfield></datafield><datafield ind1=" " ind2="0" tag="651"><subfield code="a">Essex County (N.Y.)</subfield><subfield code="v">Newspapers.</subfield></datafield><datafield ind1=" " ind2="7" tag="655"><subfield code="a">Newspapers.</subfield><subfield code="2">fast</subfield><subfield code="0">(OCoLC)fst01423814</subfield></datafield><datafield ind1=" " ind2="7" tag="651"><subfield code="a">New York (State)</subfield><subfield code="z">Essex County.</subfield><subfield code="2">fast</subfield><subfield code="0">(OCoLC)fst01208119</subfield></datafield><datafield ind1=" " ind2="7" tag="651"><subfield code="a">New York (State)</subfield><subfield code="z">Port Henry.</subfield><subfield code="2">fast</subfield><subfield code="0">(OCoLC)fst01261135</subfield></datafield><datafield ind1=" " ind2=" " tag="752"><subfield code="a">United States</subfield><subfield code="b">New York</subfield><subfield code="c">Essex</subfield><subfield code="d">Port Henry.</subfield></datafield><datafield ind1="1" ind2=" " tag="775"><subfield code="t">Essex County Republican (Keeseville, N.Y.)</subfield><subfield code="w">(DLC)sn 84031741</subfield><subfield code="w">(OCoLC)11414150</subfield></datafield><datafield ind1="0" ind2="0" tag="780"><subfield code="t">Port Henry herald</subfield><subfield code="w">(DLC)sn 83031766</subfield><subfield code="w">(OCoLC)9961880</subfield></datafield></record>